%YAML 1.1
%TAG !u! tag:unity3d.com,2011:
--- !u!1 &366603488589879300
GameObject:
  m_ObjectHideFlags: 0
  m_CorrespondingSourceObject: {fileID: 0}
  m_PrefabInstance: {fileID: 0}
  m_PrefabAsset: {fileID: 0}
  serializedVersion: 6
  m_Component:
  - component: {fileID: 8093453236706501356}
  - component: {fileID: 1432009732}
  m_Layer: 0
  m_Name: Tower
  m_TagString: Untagged
  m_Icon: {fileID: 0}
  m_NavMeshLayer: 0
  m_StaticEditorFlags: 0
  m_IsActive: 1
--- !u!4 &8093453236706501356
Transform:
  m_ObjectHideFlags: 0
  m_CorrespondingSourceObject: {fileID: 0}
  m_PrefabInstance: {fileID: 0}
  m_PrefabAsset: {fileID: 0}
  m_GameObject: {fileID: 366603488589879300}
  m_LocalRotation: {x: 0, y: 0, z: 0, w: 1}
  m_LocalPosition: {x: 0, y: 0, z: 0}
  m_LocalScale: {x: 1, y: 1, z: 1}
  m_Children:
  - {fileID: 8415574689772201448}
  - {fileID: 3258474636317872063}
  m_Father: {fileID: 0}
  m_RootOrder: 0
  m_LocalEulerAnglesHint: {x: 0, y: 0, z: 0}
--- !u!114 &1432009732
MonoBehaviour:
  m_ObjectHideFlags: 0
  m_CorrespondingSourceObject: {fileID: 0}
  m_PrefabInstance: {fileID: 0}
  m_PrefabAsset: {fileID: 0}
  m_GameObject: {fileID: 366603488589879300}
  m_Enabled: 1
  m_EditorHideFlags: 0
  m_Script: {fileID: 11500000, guid: df4da0aaba5db044a8e5fb0ad4119a75, type: 3}
  m_Name: 
  m_EditorClassIdentifier: 
  objectPan: {fileID: 3258474636317872063}
  attackRange: 30
  projectile: {fileID: 6765943229788731930}
  projectileSound: {fileID: 8300000, guid: c048aa986a51c2c439fa77ccb60dfe91, type: 3}
  baseWaypoint: {fileID: 0}
--- !u!65 &1319415312
BoxCollider:
  m_ObjectHideFlags: 0
  m_CorrespondingSourceObject: {fileID: 0}
  m_PrefabInstance: {fileID: 0}
  m_PrefabAsset: {fileID: 0}
  m_GameObject: {fileID: 3256666729110564817}
  m_Material: {fileID: 0}
  m_IsTrigger: 1
  m_Enabled: 1
  serializedVersion: 2
  m_Size: {x: 8, y: 10, z: 13}
  m_Center: {x: 0, y: 5, z: 0}
--- !u!1001 &2750767230899706073
PrefabInstance:
  m_ObjectHideFlags: 0
  serializedVersion: 2
  m_Modification:
    m_TransformParent: {fileID: 3258474636317872063}
    m_Modifications:
    - target: {fileID: 6819330944438577244, guid: a3b6c682b7ba21549b8fff0cb3acb39b,
        type: 3}
      propertyPath: m_LocalPosition.x
      value: 0
      objectReference: {fileID: 0}
    - target: {fileID: 6819330944438577244, guid: a3b6c682b7ba21549b8fff0cb3acb39b,
        type: 3}
      propertyPath: m_LocalPosition.y
      value: 6.54
      objectReference: {fileID: 0}
    - target: {fileID: 6819330944438577244, guid: a3b6c682b7ba21549b8fff0cb3acb39b,
        type: 3}
      propertyPath: m_LocalPosition.z
      value: 0
      objectReference: {fileID: 0}
    - target: {fileID: 6819330944438577244, guid: a3b6c682b7ba21549b8fff0cb3acb39b,
        type: 3}
      propertyPath: m_LocalRotation.x
      value: -0
      objectReference: {fileID: 0}
    - target: {fileID: 6819330944438577244, guid: a3b6c682b7ba21549b8fff0cb3acb39b,
        type: 3}
      propertyPath: m_LocalRotation.y
      value: -0
      objectReference: {fileID: 0}
    - target: {fileID: 6819330944438577244, guid: a3b6c682b7ba21549b8fff0cb3acb39b,
        type: 3}
      propertyPath: m_LocalRotation.z
      value: -0
      objectReference: {fileID: 0}
    - target: {fileID: 6819330944438577244, guid: a3b6c682b7ba21549b8fff0cb3acb39b,
        type: 3}
      propertyPath: m_LocalRotation.w
      value: 1
      objectReference: {fileID: 0}
    - target: {fileID: 6819330944438577244, guid: a3b6c682b7ba21549b8fff0cb3acb39b,
        type: 3}
      propertyPath: m_RootOrder
      value: 0
      objectReference: {fileID: 0}
    - target: {fileID: 6819330944438577244, guid: a3b6c682b7ba21549b8fff0cb3acb39b,
        type: 3}
      propertyPath: m_LocalEulerAnglesHint.x
      value: 0
      objectReference: {fileID: 0}
    - target: {fileID: 6819330944438577244, guid: a3b6c682b7ba21549b8fff0cb3acb39b,
        type: 3}
      propertyPath: m_LocalEulerAnglesHint.y
      value: 0
      objectReference: {fileID: 0}
    - target: {fileID: 6819330944438577244, guid: a3b6c682b7ba21549b8fff0cb3acb39b,
        type: 3}
      propertyPath: m_LocalEulerAnglesHint.z
      value: 0
      objectReference: {fileID: 0}
    - target: {fileID: 8359488420977772172, guid: a3b6c682b7ba21549b8fff0cb3acb39b,
        type: 3}
      propertyPath: m_Name
      value: Bullets
      objectReference: {fileID: 0}
    - target: {fileID: 8919877956676608707, guid: a3b6c682b7ba21549b8fff0cb3acb39b,
        type: 3}
      propertyPath: playOnAwake
      value: 1
      objectReference: {fileID: 0}
    - target: {fileID: 8919877956676608707, guid: a3b6c682b7ba21549b8fff0cb3acb39b,
        type: 3}
      propertyPath: EmissionModule.enabled
      value: 1
      objectReference: {fileID: 0}
    m_RemovedComponents: []
  m_SourcePrefab: {fileID: 100100000, guid: a3b6c682b7ba21549b8fff0cb3acb39b, type: 3}
--- !u!198 &6765943229788731930 stripped
ParticleSystem:
  m_CorrespondingSourceObject: {fileID: 8919877956676608707, guid: a3b6c682b7ba21549b8fff0cb3acb39b,
    type: 3}
  m_PrefabInstance: {fileID: 2750767230899706073}
  m_PrefabAsset: {fileID: 0}
--- !u!1001 &3258071942998916055
PrefabInstance:
  m_ObjectHideFlags: 0
  serializedVersion: 2
  m_Modification:
    m_TransformParent: {fileID: 8093453236706501356}
    m_Modifications:
    - target: {fileID: 1405215511811078, guid: 8238921bafd389b44921fe80cc7f1f9d, type: 3}
      propertyPath: m_Name
      value: Tower_A_Top
      objectReference: {fileID: 0}
    - target: {fileID: 4101459293844584, guid: 8238921bafd389b44921fe80cc7f1f9d, type: 3}
      propertyPath: m_LocalPosition.x
      value: 0
      objectReference: {fileID: 0}
    - target: {fileID: 4101459293844584, guid: 8238921bafd389b44921fe80cc7f1f9d, type: 3}
      propertyPath: m_LocalPosition.y
      value: 4
      objectReference: {fileID: 0}
    - target: {fileID: 4101459293844584, guid: 8238921bafd389b44921fe80cc7f1f9d, type: 3}
      propertyPath: m_LocalPosition.z
      value: 0
      objectReference: {fileID: 0}
    - target: {fileID: 4101459293844584, guid: 8238921bafd389b44921fe80cc7f1f9d, type: 3}
      propertyPath: m_LocalRotation.x
      value: 0
      objectReference: {fileID: 0}
    - target: {fileID: 4101459293844584, guid: 8238921bafd389b44921fe80cc7f1f9d, type: 3}
      propertyPath: m_LocalRotation.y
      value: 0
      objectReference: {fileID: 0}
    - target: {fileID: 4101459293844584, guid: 8238921bafd389b44921fe80cc7f1f9d, type: 3}
      propertyPath: m_LocalRotation.z
      value: 0
      objectReference: {fileID: 0}
    - target: {fileID: 4101459293844584, guid: 8238921bafd389b44921fe80cc7f1f9d, type: 3}
      propertyPath: m_LocalRotation.w
      value: 1
      objectReference: {fileID: 0}
    - target: {fileID: 4101459293844584, guid: 8238921bafd389b44921fe80cc7f1f9d, type: 3}
      propertyPath: m_RootOrder
      value: 1
      objectReference: {fileID: 0}
    - target: {fileID: 4101459293844584, guid: 8238921bafd389b44921fe80cc7f1f9d, type: 3}
      propertyPath: m_LocalEulerAnglesHint.x
      value: 0
      objectReference: {fileID: 0}
    - target: {fileID: 4101459293844584, guid: 8238921bafd389b44921fe80cc7f1f9d, type: 3}
      propertyPath: m_LocalEulerAnglesHint.y
      value: 0
      objectReference: {fileID: 0}
    - target: {fileID: 4101459293844584, guid: 8238921bafd389b44921fe80cc7f1f9d, type: 3}
      propertyPath: m_LocalEulerAnglesHint.z
      value: 0
      objectReference: {fileID: 0}
    m_RemovedComponents: []
  m_SourcePrefab: {fileID: 100100000, guid: 8238921bafd389b44921fe80cc7f1f9d, type: 3}
--- !u!1 &3256666729110564817 stripped
GameObject:
  m_CorrespondingSourceObject: {fileID: 1405215511811078, guid: 8238921bafd389b44921fe80cc7f1f9d,
    type: 3}
  m_PrefabInstance: {fileID: 3258071942998916055}
  m_PrefabAsset: {fileID: 0}
--- !u!4 &3258474636317872063 stripped
Transform:
  m_CorrespondingSourceObject: {fileID: 4101459293844584, guid: 8238921bafd389b44921fe80cc7f1f9d,
    type: 3}
  m_PrefabInstance: {fileID: 3258071942998916055}
  m_PrefabAsset: {fileID: 0}
--- !u!1001 &8420251261852683862
PrefabInstance:
  m_ObjectHideFlags: 0
  serializedVersion: 2
  m_Modification:
    m_TransformParent: {fileID: 8093453236706501356}
    m_Modifications:
    - target: {fileID: 1186746374734342, guid: 4e889d43572027a409a3dab490438a22, type: 3}
      propertyPath: m_Name
      value: Tower_A_Base
      objectReference: {fileID: 0}
    - target: {fileID: 4676767254080446, guid: 4e889d43572027a409a3dab490438a22, type: 3}
      propertyPath: m_LocalPosition.x
      value: 0
      objectReference: {fileID: 0}
    - target: {fileID: 4676767254080446, guid: 4e889d43572027a409a3dab490438a22, type: 3}
      propertyPath: m_LocalPosition.y
      value: 0.1
      objectReference: {fileID: 0}
    - target: {fileID: 4676767254080446, guid: 4e889d43572027a409a3dab490438a22, type: 3}
      propertyPath: m_LocalPosition.z
      value: 0
      objectReference: {fileID: 0}
    - target: {fileID: 4676767254080446, guid: 4e889d43572027a409a3dab490438a22, type: 3}
      propertyPath: m_LocalRotation.x
      value: 0
      objectReference: {fileID: 0}
    - target: {fileID: 4676767254080446, guid: 4e889d43572027a409a3dab490438a22, type: 3}
      propertyPath: m_LocalRotation.y
      value: 0
      objectReference: {fileID: 0}
    - target: {fileID: 4676767254080446, guid: 4e889d43572027a409a3dab490438a22, type: 3}
      propertyPath: m_LocalRotation.z
      value: 0
      objectReference: {fileID: 0}
    - target: {fileID: 4676767254080446, guid: 4e889d43572027a409a3dab490438a22, type: 3}
      propertyPath: m_LocalRotation.w
      value: 1
      objectReference: {fileID: 0}
    - target: {fileID: 4676767254080446, guid: 4e889d43572027a409a3dab490438a22, type: 3}
      propertyPath: m_RootOrder
      value: 0
      objectReference: {fileID: 0}
    - target: {fileID: 4676767254080446, guid: 4e889d43572027a409a3dab490438a22, type: 3}
      propertyPath: m_LocalEulerAnglesHint.x
      value: 0
      objectReference: {fileID: 0}
    - target: {fileID: 4676767254080446, guid: 4e889d43572027a409a3dab490438a22, type: 3}
      propertyPath: m_LocalEulerAnglesHint.y
      value: 0
      objectReference: {fileID: 0}
    - target: {fileID: 4676767254080446, guid: 4e889d43572027a409a3dab490438a22, type: 3}
      propertyPath: m_LocalEulerAnglesHint.z
      value: 0
      objectReference: {fileID: 0}
    m_RemovedComponents: []
  m_SourcePrefab: {fileID: 100100000, guid: 4e889d43572027a409a3dab490438a22, type: 3}
--- !u!4 &8415574689772201448 stripped
Transform:
  m_CorrespondingSourceObject: {fileID: 4676767254080446, guid: 4e889d43572027a409a3dab490438a22,
    type: 3}
  m_PrefabInstance: {fileID: 8420251261852683862}
  m_PrefabAsset: {fileID: 0}
